@article{climchang,
    author    = "Root, Terry L. and Price, Jeff T. and Hall, Kimberly R and Schneider, Stephen H and Rosenzweig, Cynthia and Pounds, J. Alan",
    title =        "Fingerprints of global warming on wild animals and plants",
    journal =      "Nature",
    volume =       "421",
    pages =        "57-60",
    year =         "2003",
    DOI =          "http://dx.doi.org/10.1002/andp.19053221004"
}
@article{kew20,
    author      = "Antonelli, A and Fry, C. and Smith, R. J. and Simmonds, M.S.J. and Kersey, P. J.",
    title =        "State of the World’s Plants and Fungi 2020",
    journal =      "Royal Botanic Gardens, Kew",
    year =         "2020",
    DOI =          "https://doi.org/10.34885/172"
}
@techreport{kew16,
  author      = "RBG Kew (2016)",
  title       = "The State of the World’s Plants Report ",
  institution = "Royal Botanic Gardens, Kew",
  year        = "2016"
}
@misc{Kag,
    author    = " New York Botanical Garden",
    title     = "Herbarium 2022 - FGVC9",
    year      = "2022",
    url       = "https://www.kaggle.com/competitions/herbarium-2022-fgvc9"
}

@book{latexcompanion,
    author    = "Michel Goossens and Frank Mittelbach and Alexander Samarin",
    title     = "The \LaTeX\ Companion",
    year      = "1993",
    publisher = "Addison-Wesley",
    address   = "Reading, Massachusetts"
}
@article{WCVP,
    author    = "Govaerts, Rafael and Nic Lughadha, Eimear and Black, Nicholas and Turner, Robert and Paton, Alan",
    title =        "Fingerprints of global warming on wild animals and plants",
    journal =      "The World Checklist of Vascular Plants, a continuously updated resource for exploring global plant diversity",
    volume =       "8",
    pages =        "215",
    year =         "2021",
    DOI =          "https://doi.org/10.1038/s41597-021-00997-6"
}

@misc{UN,
    author    = "Intergovernmental Panel on Climate Change",
    title     = "Climate Change 2022",
    year      = "2022",
    url       = "https://report.ipcc.ch/ar6wg3/pdf/IPCC_AR6_WGIII_FinalDraft_FullReport.pdf"
}
@misc{flora,
    author    = "Preksha Bhan",
    title     = "Flora: Meaning, Utility and Monograph | Systematic Botany",
    year      = "2022",
    url       = "https://www.biologydiscussion.com/animals-2/taxonomy/flora-meaning-utility-and-monograph-systematic-botany/34715"
}
@misc{FGVC,
    author     = "FGVC",
    title     = "The Ninth Workshop on Fine-Grained Visual Categorization",
    year      = "2022",
    url       = "https://sites.google.com/view/fgvc9/home"
}
@article{CNNLifeCLEF,
  author=   "Alexis Joly and Herv{\'e} Go{\"e}au and Herv{\'e} Glotin and Concetto Spampinato and Pierre Bonnet           and Willem-Pier Vellinga and Jean-Christophe Lombardo and Robert Planqu{\'e} and Simone Palazzo and           Henning M{\"u}ller",
  title=    "LifeCLEF 2017 Lab Overview: Multimedia Species Identification Challenges",
  journal=      "CLEF",
  volume=       "10456",
  year =         "2017",
  DOI =          "https://doi.org/10.1007/978-3-319-65813-1_24"
}
@article{leafvein,
    author    =     "Li, Yan and Chi, Zheru and Feng, David D",
    title =        "Leaf Vein Extraction Using Independent Component Analysis",
    journal =      "IEEE International Conference on Systems, Man and Cybernetics",
    volume  =       "5",
    pages =        "3890-3894",
    year =         "2017",
    DOI =          "http://dx.doi.org/10.1109/ICSMC.2006.384738"
}
@article{frontiersplants,
    author    =     "Craine, Joseph and Engelbrecht, Bettina and Lusk, Christopher and McDowell, Nate and Poorter, Hendrik",
    title =        "Resource limitation, tolerance, and the future of ecological plant classification",
    journal =      "Frontiers in Plant Science",
    volume  =       "3",
    pages =        "3890-3894",
    year =         "2012",
    DOI =          "https://doi.org/10.3389/fpls.2012.00246"
}
@article{lifeclef2014,
    author    =     "Chen, Qiang and Abedini, Mani and Garnavi, Rahil and Liang, Xi",
    title =        "Ibm research australia at lifeclef2014: Plant identification task",
    journal =      "Conference and Labs of the Evaluation forum",
    volume  =       "1180",
    pages =        "693--704",
    year =         "2014",
    URL =          "http://ceur-ws.org/Vol-1180/CLEF2014wn-Life-ChenEt2014.pdf"
}
@article{alexnet,
    author    =     "Krizhevsky, Alex and Sutskever, Ilya and Hinton, Geoffrey E",
    title =        "Leaf Vein Extraction Using Independent Component Analysis",
    journal =      "Advances in neural information processing systems",
    volume  =       "25",
    year =         "2012",
    URL =          "https://proceedings.neurips.cc/paper/2012/file/c399862d3b9d6b76c8436e924a68c45b-Paper.pdf"
}
@article{story,
    author    =     "Ghazi, Mostafa Mehdipour and Yanikoglu, Berrin and Aptoula, Erchan",
    title =        "Plant identification using deep neural networks via optimization of transfer learning parameters",
    journal =      "Neurocomputing",
    volume  =       "235",
    pages =        "228--235",
    year =         "2017",
    DOI =          "https://doi.org/10.1016/j.neucom.2017.01.018"
}
@article{transformers,
    author    =     "Vaswani, Ashish and Shazeer, Noam and Parmar, Niki and Uszkoreit, Jakob and Jones, Llion and Gomez, Aidan N and Kaiser, {\L}ukasz and Polosukhin, Illia",
    title =        "Attention is all you need",
    journal =      "Advances in neural information processing systems",
    volume  =       "30",
    year =         "2017",
    DOI =          "https://doi.org/10.48550/arxiv.1706.03762"
}
@article{vit,
    author    =     "Dosovitskiy, Alexey and Beyer, Lucas and Kolesnikov, Alexander and Weissenborn, Dirk and Zhai, Xiaohua and Unterthiner, Thomas and Dehghani, Mostafa and Minderer, Matthias and Heigold, Georg and Gelly, Sylvain and Uszkoreit, Jakob and Houlsby, Neil",
    title =        "An Image is Worth 16x16 Words: Transformers for Image Recognition at Scale",
    journal =      "arXiv",
    year =         "2020",
    DOI =          "https://doi.org/10.48550/arxiv.2010.11929"
}
@article{vit1,
    author    =     "Salman Khan and Muzammal Naseer and Munawar Hayat and Syed Waqas Zamir and Fahad Shahbaz Khan and Mubarak Shah",
    title =        "Transformers in Vision: A Survey",
    journal =      "ACM Computing Surveys",
    year =         "2022",
    DOI =          "https://doi.org/10.1145%2F3505244"
}
@article{vit2,
    author    =     "Kai Han and Yunhe Wang and Hanting Chen and Xinghao Chen and Jianyuan Guo and Zhenhua Liu and Yehui Tang and An Xiao and Chunjing Xu and Yixing Xu and Zhaohui Yang and Yiman Zhang and Dacheng Tao",
    title =        "A Survey on Vision Transformer",
    journal =      "IEEE Transactions on Pattern Analysis and Machine Intelligence",
    pages =        "1--1",
    year =         "2022",
    DOI =          "https://doi.org/10.1109%2Ftpami.2022.3152247"
}
@misc{sol1,
    author    = "Nguyen ThanhNhan",
    title     = "1st place solution 2020",
    year      = "2022",
    url       = "https://www.kaggle.com/competitions/herbarium-2020-fgvc7/discussion/154351"
}
@misc{sol2,
    author    = "HaeC",
    title     = "2nd place solution 2021",
    year      = "2022",
    url       = "https://www.kaggle.com/competitions/herbarium-2021-fgvc8/discussion/242233"
}
@misc{sol3,
    author    = "Shuhao",
    title     = "1st place solution 2022",
    year      = "2022",
    url       = "https://www.kaggle.com/competitions/herbarium-2022-fgvc9/discussion/329299"
}
@article{ArcFace,
  author = "Deng, Jiankang and Guo, Jia and Xue, Niannan and Zafeiriou, Stefanos",
  title= "ArcFace: Additive Angular Margin Loss for Deep Face Recognition",
  journal = "IEEE/CVF Conference on Computer Vision and Pattern Recognition",
  pages = "4690-4699",
    year="2019",    
    doi="10.1109/CVPR.2019.00482"  
}
@misc{embpicture,
    author    = "4ui\_iurz1",
    title     = "Keras implementation of ArcFace, CosFace, and SphereFace",
    year      = "2022",
    url       = "https://github.com/4uiiurz1/keras-arcface/"
}
@article{CNNSDM,
  author = "Botella, Christophe and Joly, Alexis and Bonnet, Pierre and Monestiez, Pascal and Munoz, Francois",
  title= "A deep learning approach to Species Distribution Modelling",
  journal = "Springer International Publishing",
  pages = "169-199",
    year="2018",    
    doi="https://doi.org/10.1007/978-3-319-76445-0_10"  
}
@article{CNNMEE,
  author = "Waldchen, J. and P. Mader",
  title= "Machine learning for image based species identification",
  journal = " Methods in Ecology and Evolution 9",
  pages = "2216-2225",
  year="2018",    
    doi="https://doi.org/10.1111/2041-210X.13075"  
}
@article{svm,
    author    = "Unger, Jakob and Merhof, Dorit and Renner, Susanne",
    title =        "Computer vision applied to herbarium specimens of German trees: testing the future utility of the millions of herbarium specimen images for automated identification",
    journal =      "TBMC Evolutionary Biology",
    volume =       "16",
    pages =        "248",
    year =         "2016",
    DOI =          "https://doi.org/10.1186/s12862-016-0827-5"
}
@article{Imagenet,
    author    = "Olga Russakovsky and Jia Deng and Hao Su and Jonathan Krause and Sanjeev Satheesh and Sean Ma and Zhiheng Huang and Andrej Karpathy and Aditya Khosla and Michael Bernstein and Alexander C. Berg and Li Fei-Fei",
    title =        "ImageNet Large Scale Visual Recognition Challenge",
    journal =      "International Journal of Computer Vision (IJCV)",
    volume =       "115",
    pages =        "211-252",
    year =         "2015",
    DOI =          "https://doi.org/10.1007/s11263-015-0816-y"
}
@article{resnet,
    author    = "He, Kaiming and Zhang, Xiangyu and Ren, Shaoqing and Sun, Jian",
    title =        "Deep residual learning for image recognition",
    journal =      "Proceedings of the IEEE conference on computer vision and pattern recognition",
    volume =       "16",
    pages =        "770--778",
    year =         "2016",
    DOI =          "https://doi.org/10.48550/arXiv.1512.03385"
}
@article{resnet12,
    author    = "Choi, Hyungeun and Ryu, Seunghyoung and Kim, Hongseok",
    title =        "Short-Term Load Forecasting based on ResNet and LSTM",
    journal =      "Proceedings of the IEEE conference on computer vision and pattern recognition",
    pages =        "1-6",
    year =         "2018",
    DOI =          "https://doi.org/10.1109/SmartGridComm.2018.8587554"
}
@article{transferlearning,
    author    =     "Yosinski, Jason and Clune, Jeff and Bengio, Yoshua and Lipson, Hod",
    title =        "How Transferable Are Features in Deep Neural Networks?",
    journal =      "MIT Press",
        volume =       "2",
    pages =        "3320–3328",
    year =         "2014",
    DOI =          "https://dl.acm.org/doi/10.5555/2969033.2969197"
}
@article{planttransferlearning,
    author    =     "Mostafa Mehdipour Ghazi and Berrin Yanikoglu and Erchan Aptoula",
    title =        "Plant identification using deep neural networks via optimization of transfer learning parameters",
    journal =      "{Neurocomputing},",
    volume =       "235",
    pages =        "228-235",
    year =         "{2017},",
    DOI =          "https://doi.org/10.1016/j.neucom.2017.01.018"
}
@misc{pyresnet,
    author     = "Pytorch Team",
    title     = "Deep residual networks pre-trained on ImageNet",
    year      = "2022",
    url       = "https://pytorch.org/hub/pytorch_vision_resnet/"
}
@article{sgd,
    author    =     "Hardt, Moritz and Recht, Ben and Singer, Yora",
    title =        "Train faster, generalize better: Stability of stochastic gradient descent",
    journal =      "{PMLR},",
    pages =        "1225--1234",
    year =         "2016,",
    DOI =          "https://doi.org/10.48550/arXiv.1509.01240"
}
@article{bit,
    author    =     "Kolesnikov, Alexander and Beyer, Lucas and Zhai, Xiaohua and Puigcerver, Joan and Yung, Jessica and Gelly, Sylvain and Houlsby, Neil",
    title =        "Big Transfer (BiT): General Visual Representation Learning",
    journal =      "Springer",
    pages =        "491--507",
    year =         "2020",
    DOI =          "https://doi.org/10.48550/arxiv.1912.11370"
}
@article{jft,
    author    =     "Sun, Chen and Shrivastava, Abhinav and Singh, Saurabh and Gupta, Abhinav",
    title =        "Revisiting Unreasonable Effectiveness of Data in Deep Learning Era",
    journal =      "Proceedings of the IEEE international conference on computer vision.",
    pages =        "843-852",
    year =         "2017",
    DOI =          "https://doi.org/10.48550/arxiv.1707.02968"
}

@misc{kfold,
    author    = " sklearn",
    title     = "StratifiedKFold",
    year      = "2022",
    url       = "https://scikit-learn.org/stable/modules/generated/sklearn.model_selection.StratifiedKFold.html"
}
@misc{k0,
    author    = "Brendan Hogan",
    title     = "Herbarium 2022 Starter/Sample Code",
    year      = "2022",
    url       = "https://www.kaggle.com/code/brendanrappazzo/herbarium-2022-starter-sample-code"
}
@misc{k1,
    author    = "John Park",
    title     = "Train \& infer 8x faster with TPU! LB=0.72 in 9 HR",
    year      = "2022",
    url       = "https://www.kaggle.com/code/parkjohnychae/train-infer-8x-faster-with-tpu-lb-0-72-in-9-hr"
}
@misc{k2,
    author    = "Wongi Park",
    title     = "Herbarium2022 - EDA with Pytorch",
    year      = "2022",
    url       = "https://www.kaggle.com/code/kalelpark/herbarium2022-eda-with-pytorch"
}
@misc{k3,
    author    = "Jainam Shah",
    title     = "PyTorch Starter - Image Classification",
    year      = "2022",
    url       = "https://www.kaggle.com/code/jainamshah17/pytorch-starter-image-classification"
}
